
    <zs:record>
      <zs:recordSchema/>
      <zs:recordPacking>xml</zs:recordPacking>
      <zs:recordData>
        <record xmlns="http://www.loc.gov/MARC21/slim">
          <leader>04809cam a2200493 i 4500</leader>
          <controlfield tag="001">19787374</controlfield>
          <controlfield tag="005">20190327133621.0</controlfield>
          <controlfield tag="008">170331s2017    fr a     b    101 0 fre  </controlfield>
          <datafield tag="906" ind1=" " ind2=" ">
            <subfield code="a">7</subfield>
            <subfield code="b">cbc</subfield>
            <subfield code="c">origres</subfield>
            <subfield code="d">3</subfield>
            <subfield code="e">ncip</subfield>
            <subfield code="f">20</subfield>
            <subfield code="g">y-gencatlg</subfield>
          </datafield>
          <datafield tag="925" ind1="0" ind2=" ">
            <subfield code="a">acquire</subfield>
            <subfield code="b">1 shelf copy</subfield>
            <subfield code="x">policy default</subfield>
          </datafield>
          <datafield tag="955" ind1=" " ind2=" ">
            <subfield code="a">ve03</subfield>
            <subfield code="b">BD25 2017-08-29</subfield>
            <subfield code="i">bd21 2019-03-27</subfield>
          </datafield>
          <datafield tag="010" ind1=" " ind2=" ">
            <subfield code="a">  2017445034</subfield>
          </datafield>
          <datafield tag="020" ind1=" " ind2=" ">
            <subfield code="a">9782406065524 (pbk.)</subfield>
          </datafield>
          <datafield tag="035" ind1=" " ind2=" ">
            <subfield code="a">(Fr-PaAMA)AAL0745775-0001</subfield>
          </datafield>
          <datafield tag="040" ind1=" " ind2=" ">
            <subfield code="a">DLC</subfield>
            <subfield code="b">eng</subfield>
            <subfield code="c">DLC</subfield>
            <subfield code="e">rda</subfield>
          </datafield>
          <datafield tag="042" ind1=" " ind2=" ">
            <subfield code="a">pcc</subfield>
          </datafield>
          <datafield tag="050" ind1="0" ind2="0">
            <subfield code="a">BF575.T43</subfield>
            <subfield code="b">D68 2016</subfield>
          </datafield>
          <datafield tag="245" ind1="0" ind2="3">
            <subfield code="a">La douceur dans la pensée moderne :</subfield>
            <subfield code="b">esthétique et philosophie d'une notion /</subfield>
            <subfield code="c">sous la direction de Laurence Boulègue, Margaret Jones-Davies et Florence Malhomme.</subfield>
          </datafield>
          <datafield tag="264" ind1=" " ind2="1">
            <subfield code="a">Paris :</subfield>
            <subfield code="b">Classiques Garnier,</subfield>
            <subfield code="c">2017.</subfield>
          </datafield>
          <datafield tag="300" ind1=" " ind2=" ">
            <subfield code="a">407 pages :</subfield>
            <subfield code="b">illustrations ;</subfield>
            <subfield code="c">22 cm.</subfield>
          </datafield>
          <datafield tag="336" ind1=" " ind2=" ">
            <subfield code="a">text</subfield>
            <subfield code="2">rdacontent</subfield>
          </datafield>
          <datafield tag="337" ind1=" " ind2=" ">
            <subfield code="a">unmediated</subfield>
            <subfield code="2">rdamedia</subfield>
          </datafield>
          <datafield tag="338" ind1=" " ind2=" ">
            <subfield code="a">volume</subfield>
            <subfield code="2">rdacarrier</subfield>
          </datafield>
          <datafield tag="490" ind1="0" ind2=" ">
            <subfield code="a">Rencontres,</subfield>
            <subfield code="x">2103-5636 ;</subfield>
            <subfield code="v">280. Série Lectures de la Renaissance latine ;</subfield>
            <subfield code="v">9</subfield>
          </datafield>
          <datafield tag="500" ind1=" " ind2=" ">
            <subfield code="a">Proceedings of an international colloquium held at the Université Paris-Sorbonne, December 15-17, 2011.</subfield>
          </datafield>
          <datafield tag="504" ind1=" " ind2=" ">
            <subfield code="a">Includes bibliographical references (pages 365-390) and index.</subfield>
          </datafield>
          <datafield tag="505" ind1="0" ind2="0">
            <subfield code="g">Pt. 1.</subfield>
            <subfield code="t">Poétique et rhétorique de la douceur --</subfield>
            <subfield code="t">La violence de la douceur dans l'oeuvre de Pétrarque /</subfield>
            <subfield code="r">Pierre Laurens --</subfield>
            <subfield code="t">Interprétations humanistes d'un précepte horatien. "Non satis est pulchra esse poemata, dulcia sunto" (Art poétique, 99) /</subfield>
            <subfield code="r">Virginie Leroux --</subfield>
            <subfield code="t">Douceur et ironie dans les tragédies latines des Trecento et Quattrocento /</subfield>
            <subfield code="r">Jean-Frédéric Chevalier --</subfield>
            <subfield code="t">Dulcidia et leuamen. Le prisme de la douceur dans l'oeuvre poétique de G. Pontano, entre idéal poétique et visée éthique /</subfield>
            <subfield code="r">Hélène Casanova-Robin --</subfield>
            <subfield code="t">Shakespeare et la douceur /</subfield>
            <subfield code="r">Michael Edwards --</subfield>
            <subfield code="t">Le conflit des douceurs au Traité de la comédie de Pierre Nicole /</subfield>
            <subfield code="r">Daniel Dauvois --</subfield>
            <subfield code="g">Pt. 2.</subfield>
            <subfield code="t">Du son au sens, philosophies de la douceur --</subfield>
            <subfield code="t">Douceur, otium et vie contemplative dans le premier livre des Disputationes camaldulenses de Cristoforo Landino /</subfield>
            <subfield code="r">Laurence Boulègue --</subfield>
            <subfield code="t">"Revêtir l'humanité, dépouiller la sauvagerie..." : vers l'idéal d'humanitas. La sage alliance entre la parole et la vie dans l'oeuvre de Juan Luis Vives /</subfield>
            <subfield code="r">Alicia Oïffer-Bomsel  --</subfield>
            <subfield code="t">La douceur dans l'oeuvre de Jacques Peletier du Mans /</subfield>
            <subfield code="r">Édith Karagiannis-Mazeaud --</subfield>
            <subfield code="t">"Garroter doucement". Droit contre sociabilité chez Montaigne et Saint-Évremond /</subfield>
            <subfield code="r">Éric Méchoulan --</subfield>
            <subfield code="t">Le sens de la terre /</subfield>
            <subfield code="r">Pierre Magnard --</subfield>
            <subfield code="t">La suavité salésienne /</subfield>
            <subfield code="r">Hélène Michon --</subfield>
            <subfield code="t">Terrorem potius quam religionem. Douceur, grâce et conversion : sur une citation augustinienne chez Pascal /</subfield>
            <subfield code="r">Jérôme Lagouanère --</subfield>
            <subfield code="t">Victrix mitissima veritas. D'après une suggestion de J. R R. Tolkien /</subfield>
            <subfield code="r">Maurizio Malaguti  --</subfield>
            <subfield code="g">Pt. 3.</subfield>
            <subfield code="t">Du mouvement à la couleur esthétique de la douceur --</subfield>
            <subfield code="t">L'éloquence du centaure. Douceur et musique dans l'art équestre à l'âge humaniste et classique /</subfield>
            <subfield code="r">Florence Malhomme --</subfield>
            <subfield code="t">"Dulciter tamen". Douceur et utilité du nu à la Renaissance /</subfield>
            <subfield code="r">Émilie Séris --</subfield>
            <subfield code="t">Montrer la douceur. Formes et gestes d'un sentiment dans la peinture religieuse entre XVIe et XVIIe siècle /</subfield>
            <subfield code="r">Lauro Magnani --</subfield>
            <subfield code="t">Ut pictura poesis ? La notion de douceur dans la critique d'art au XVIIe siècle. Les exemples de Perrault, Rapin et Félibien /</subfield>
            <subfield code="r">Catherine Fricheau.</subfield>
          </datafield>
          <datafield tag="520" ind1=" " ind2=" ">
            <subfield code="a">"En suspendant la violence de ses passions et de ses désirs, l'homme se montre capable d'une relation harmonieuse et respectueuse avec lui-même, les êtres et les choses, dans un dialogue avec la douceur de la vérité et la beauté de l'art qui la recrée. On étudiera comment, à l'âge humaniste et classique, les modernes ont pensé la douceur à partir de la relecture des sources antiques et chrétiennes dans les divers champs du savoir de la poétique à l'éthique, de la métaphysique à l'esthétique et dessiné un idéal difficilement définissable et aisément rompu."--Page 4 of cover.</subfield>
          </datafield>
          <datafield tag="650" ind1=" " ind2="0">
            <subfield code="a">Tenderness (Psychology)</subfield>
            <subfield code="v">Congresses.</subfield>
          </datafield>
          <datafield tag="650" ind1=" " ind2="0">
            <subfield code="a">Kindness</subfield>
            <subfield code="v">Congresses.</subfield>
          </datafield>
          <datafield tag="650" ind1=" " ind2="0">
            <subfield code="a">Kindness in literature</subfield>
            <subfield code="v">Congresses.</subfield>
          </datafield>
          <datafield tag="650" ind1=" " ind2="0">
            <subfield code="a">Benevolence</subfield>
            <subfield code="v">Congresses.</subfield>
          </datafield>
          <datafield tag="650" ind1=" " ind2="0">
            <subfield code="a">Benevolence in literature</subfield>
            <subfield code="v">Congresses.</subfield>
          </datafield>
          <datafield tag="650" ind1=" " ind2="0">
            <subfield code="a">Humanity</subfield>
            <subfield code="v">Congresses.</subfield>
          </datafield>
          <datafield tag="650" ind1=" " ind2="0">
            <subfield code="a">Humanity in literature</subfield>
            <subfield code="v">Congresses.</subfield>
          </datafield>
          <datafield tag="650" ind1=" " ind2="0">
            <subfield code="a">Humanity in art</subfield>
            <subfield code="v">Congresses.</subfield>
          </datafield>
          <datafield tag="650" ind1=" " ind2="0">
            <subfield code="a">Philosophy, European</subfield>
            <subfield code="y">16th century</subfield>
            <subfield code="v">Congresses.</subfield>
          </datafield>
          <datafield tag="650" ind1=" " ind2="0">
            <subfield code="a">Philosophy, European</subfield>
            <subfield code="y">17th century</subfield>
            <subfield code="v">Congresses.</subfield>
          </datafield>
          <datafield tag="700" ind1="1" ind2=" ">
            <subfield code="a">Boulègue, Laurence,</subfield>
            <subfield code="e">editor.</subfield>
          </datafield>
          <datafield tag="700" ind1="1" ind2=" ">
            <subfield code="a">Jones-Davies, Margaret,</subfield>
            <subfield code="e">editor.</subfield>
          </datafield>
          <datafield tag="700" ind1="1" ind2=" ">
            <subfield code="a">Malhomme, Florence,</subfield>
            <subfield code="e">editor.</subfield>
          </datafield>
          <datafield tag="710" ind1="2" ind2=" ">
            <subfield code="a">Université de Paris IV: Paris-Sorbonne,</subfield>
            <subfield code="e">host institution.</subfield>
          </datafield>
          <datafield tag="923" ind1=" " ind2=" ">
            <subfield code="d">20170705</subfield>
            <subfield code="n">586763</subfield>
            <subfield code="s">AmaLivre</subfield>
          </datafield>
          <datafield tag="985" ind1=" " ind2=" ">
            <subfield code="e">VENDOR LOAD</subfield>
          </datafield>
        </record>
      </zs:recordData>
      <zs:recordPosition>2</zs:recordPosition>
    </zs:record>