
    <zs:record>
      <zs:recordSchema/>
      <zs:recordPacking>xml</zs:recordPacking>
      <zs:recordData>
        <record xmlns="http://www.loc.gov/MARC21/slim">
          <leader>01381cam a22003014a 4500</leader>
          <controlfield tag="001">14654723</controlfield>
          <controlfield tag="005">20220120113508.0</controlfield>
          <controlfield tag="008">061204s2007    vtu      b    001 0 eng  </controlfield>
          <datafield tag="906" ind1=" " ind2=" ">
            <subfield code="a">7</subfield>
            <subfield code="b">cbc</subfield>
            <subfield code="c">orignew</subfield>
            <subfield code="d">1</subfield>
            <subfield code="e">ecip</subfield>
            <subfield code="f">20</subfield>
            <subfield code="g">y-gencatlg</subfield>
          </datafield>
          <datafield tag="925" ind1="0" ind2=" ">
            <subfield code="a">acquire</subfield>
            <subfield code="b">1 shelf copy</subfield>
            <subfield code="x">policy default</subfield>
          </datafield>
          <datafield tag="955" ind1=" " ind2=" ">
            <subfield code="a">sd21 2006-12-04</subfield>
            <subfield code="c">sd21 2006-12-04 to subj.;</subfield>
            <subfield code="a">sent to LAW sd05 2006-12-13</subfield>
            <subfield code="d">sg08 2006-12-13</subfield>
            <subfield code="e">sg11 2006-12-14 to Dewey</subfield>
            <subfield code="a">aa04 2006-12-14</subfield>
            <subfield code="a">ps02 2007-08-01 1 copy rec'd., to CIP ver.</subfield>
            <subfield code="f">sg14 2007-08-15</subfield>
            <subfield code="g">sg14 2007-08-15 to LL</subfield>
            <subfield code="a">sg01 2007-12-04 copy 2 added</subfield>
            <subfield code="r">xg08 2022-01-20</subfield>
          </datafield>
          <datafield tag="010" ind1=" " ind2=" ">
            <subfield code="a">  2006100189</subfield>
          </datafield>
          <datafield tag="020" ind1=" " ind2=" ">
            <subfield code="a">9780754649359 (alk. paper)</subfield>
          </datafield>
          <datafield tag="040" ind1=" " ind2=" ">
            <subfield code="a">DLC</subfield>
            <subfield code="c">DLC</subfield>
            <subfield code="d">DLC</subfield>
          </datafield>
          <datafield tag="043" ind1=" " ind2=" ">
            <subfield code="a">e-sw---</subfield>
          </datafield>
          <datafield tag="050" ind1="0" ind2="0">
            <subfield code="a">K349</subfield>
            <subfield code="b">.E97 2007</subfield>
          </datafield>
          <datafield tag="082" ind1="0" ind2="0">
            <subfield code="a">340/.115</subfield>
            <subfield code="2">22</subfield>
          </datafield>
          <datafield tag="245" ind1="0" ind2="0">
            <subfield code="a">Exploiting the limits of law :</subfield>
            <subfield code="b">Swedish feminism and the challenge to pessimism /</subfield>
            <subfield code="c">edited by Asa Gunnarsson, Eva-Maria Svensson and Margaret Davies.</subfield>
          </datafield>
          <datafield tag="260" ind1=" " ind2=" ">
            <subfield code="a">Burlington, VT :</subfield>
            <subfield code="b">Ashgate,</subfield>
            <subfield code="c">c2007.</subfield>
          </datafield>
          <datafield tag="300" ind1=" " ind2=" ">
            <subfield code="a">viii, 232 p. ;</subfield>
            <subfield code="c">24 cm.</subfield>
          </datafield>
          <datafield tag="504" ind1=" " ind2=" ">
            <subfield code="a">Includes bibliographical references ( p. 227-229) and index.</subfield>
          </datafield>
          <datafield tag="650" ind1=" " ind2="0">
            <subfield code="a">Feminist jurisprudence.</subfield>
          </datafield>
          <datafield tag="650" ind1=" " ind2="0">
            <subfield code="a">Sociological jurisprudence.</subfield>
          </datafield>
          <datafield tag="650" ind1=" " ind2="0">
            <subfield code="a">Law</subfield>
            <subfield code="x">Social aspects</subfield>
            <subfield code="z">Sweden.</subfield>
          </datafield>
          <datafield tag="700" ind1="1" ind2=" ">
            <subfield code="a">Gunnarsson, Åsa.</subfield>
          </datafield>
          <datafield tag="700" ind1="1" ind2=" ">
            <subfield code="a">Svensson, Eva-Maria.</subfield>
          </datafield>
          <datafield tag="700" ind1="1" ind2=" ">
            <subfield code="a">Davies, Margaret</subfield>
            <subfield code="q">(Law teacher)</subfield>
          </datafield>
          <datafield tag="856" ind1="4" ind2="1">
            <subfield code="3">Table of contents only</subfield>
            <subfield code="u">http://www.loc.gov/catdir/toc/ecip076/2006100189.html</subfield>
          </datafield>
        </record>
      </zs:recordData>
      <zs:recordPosition>3</zs:recordPosition>
    </zs:record>