
    <zs:record>
      <zs:recordSchema/>
      <zs:recordPacking>xml</zs:recordPacking>
      <zs:recordData>
        <record xmlns="http://www.loc.gov/MARC21/slim">
          <leader>01455cam a22003494i 4500</leader>
          <controlfield tag="001">17544502</controlfield>
          <controlfield tag="005">20121213175012.0</controlfield>
          <controlfield tag="008">121129r20121977enk           000 0 eng  </controlfield>
          <datafield tag="906" ind1=" " ind2=" ">
            <subfield code="a">7</subfield>
            <subfield code="b">cbc</subfield>
            <subfield code="c">origcop</subfield>
            <subfield code="d">2</subfield>
            <subfield code="e">ncip</subfield>
            <subfield code="f">20</subfield>
            <subfield code="g">y-gencatlg</subfield>
          </datafield>
          <datafield tag="925" ind1="0" ind2=" ">
            <subfield code="a">acquire</subfield>
            <subfield code="b">1 shelf copy</subfield>
            <subfield code="x">policy default</subfield>
          </datafield>
          <datafield tag="955" ind1=" " ind2=" ">
            <subfield code="b">xj99 2012-11-29 z-processor</subfield>
            <subfield code="i">xj99 2012-11-29</subfield>
            <subfield code="e">xj99 2012-11-29</subfield>
            <subfield code="a">bd22 2012-12-11 (rda  rev.)</subfield>
            <subfield code="a">xj99 2012-12-13 corrections made</subfield>
          </datafield>
          <datafield tag="010" ind1=" " ind2=" ">
            <subfield code="a">  2012455044</subfield>
          </datafield>
          <datafield tag="020" ind1=" " ind2=" ">
            <subfield code="a">9781844088010</subfield>
          </datafield>
          <datafield tag="040" ind1=" " ind2=" ">
            <subfield code="a">DLC</subfield>
            <subfield code="b">eng</subfield>
            <subfield code="c">DLC</subfield>
            <subfield code="e">rda</subfield>
          </datafield>
          <datafield tag="042" ind1=" " ind2=" ">
            <subfield code="a">pcc</subfield>
          </datafield>
          <datafield tag="043" ind1=" " ind2=" ">
            <subfield code="a">e-uk---</subfield>
          </datafield>
          <datafield tag="050" ind1="0" ind2="0">
            <subfield code="a">HD3423</subfield>
            <subfield code="b">.L54 2012</subfield>
          </datafield>
          <datafield tag="245" ind1="0" ind2="0">
            <subfield code="a">Life as we have known it :</subfield>
            <subfield code="b">the voices of working-class women /</subfield>
            <subfield code="c">edited by Margaret Llewelyn Davies ; with an introductory letter by Virginia Woolf.</subfield>
          </datafield>
          <datafield tag="246" ind1="1" ind2="4">
            <subfield code="a">Classic life as we have known it</subfield>
          </datafield>
          <datafield tag="264" ind1=" " ind2="1">
            <subfield code="a">London :</subfield>
            <subfield code="b">Virago,</subfield>
            <subfield code="c">2012.</subfield>
          </datafield>
          <datafield tag="300" ind1=" " ind2=" ">
            <subfield code="a">xxxvi, 169 pages :</subfield>
            <subfield code="c">20 cm.</subfield>
          </datafield>
          <datafield tag="336" ind1=" " ind2=" ">
            <subfield code="a">text</subfield>
            <subfield code="2">rdacontent</subfield>
          </datafield>
          <datafield tag="337" ind1=" " ind2=" ">
            <subfield code="a">unmediated</subfield>
            <subfield code="2">rdamedia</subfield>
          </datafield>
          <datafield tag="338" ind1=" " ind2=" ">
            <subfield code="a">volume</subfield>
            <subfield code="2">rdacarrier</subfield>
          </datafield>
          <datafield tag="490" ind1="0" ind2=" ">
            <subfield code="a">Virago modern classics</subfield>
          </datafield>
          <datafield tag="500" ind1=" " ind2=" ">
            <subfield code="a">"First published in Great Britain by the Hogarth Press Limited in 1931"--Verso of title page.</subfield>
          </datafield>
          <datafield tag="500" ind1=" " ind2=" ">
            <subfield code="a">"First published by Virago Press Limited in 1977"--Verso of title page.</subfield>
          </datafield>
          <datafield tag="610" ind1="2" ind2="0">
            <subfield code="a">Women's Co-operative Guild.</subfield>
          </datafield>
          <datafield tag="650" ind1=" " ind2="0">
            <subfield code="a">Cooperation</subfield>
            <subfield code="z">Great Britain.</subfield>
          </datafield>
          <datafield tag="650" ind1=" " ind2="0">
            <subfield code="a">Women</subfield>
            <subfield code="x">Employment</subfield>
            <subfield code="z">Great Britain.</subfield>
          </datafield>
          <datafield tag="700" ind1="1" ind2=" ">
            <subfield code="a">Davies, Margaret Llewelyn,</subfield>
            <subfield code="d">1861-1944,</subfield>
            <subfield code="e">editor of compilation.</subfield>
          </datafield>
          <datafield tag="700" ind1="1" ind2=" ">
            <subfield code="a">Woolf, Virginia,</subfield>
            <subfield code="d">1882-1941.</subfield>
          </datafield>
        </record>
      </zs:recordData>
      <zs:recordPosition>5</zs:recordPosition>
    </zs:record>