
    <zs:record>
      <zs:recordSchema/>
      <zs:recordPacking>xml</zs:recordPacking>
      <zs:recordData>
        <record xmlns="http://www.loc.gov/MARC21/slim">
          <leader>01309cam a2200313 a 4500</leader>
          <controlfield tag="001">2324394</controlfield>
          <controlfield tag="005">19970609141809.4</controlfield>
          <controlfield tag="008">830929s1980    fr af    b    000 0 fre  </controlfield>
          <datafield tag="035" ind1=" " ind2=" ">
            <subfield code="9">(DLC)   81188881</subfield>
          </datafield>
          <datafield tag="906" ind1=" " ind2=" ">
            <subfield code="a">7</subfield>
            <subfield code="b">cbc</subfield>
            <subfield code="c">orignew</subfield>
            <subfield code="d">4</subfield>
            <subfield code="e">ncip</subfield>
            <subfield code="f">19</subfield>
            <subfield code="g">y-gencatlg</subfield>
          </datafield>
          <datafield tag="010" ind1=" " ind2=" ">
            <subfield code="a">   81188881 </subfield>
          </datafield>
          <datafield tag="020" ind1=" " ind2=" ">
            <subfield code="a">2865310043 :</subfield>
            <subfield code="c">40.00F</subfield>
          </datafield>
          <datafield tag="040" ind1=" " ind2=" ">
            <subfield code="a">DLC</subfield>
            <subfield code="c">DLC</subfield>
            <subfield code="d">DLC</subfield>
          </datafield>
          <datafield tag="043" ind1=" " ind2=" ">
            <subfield code="a">e-uk---</subfield>
          </datafield>
          <datafield tag="050" ind1="0" ind2="0">
            <subfield code="a">BF1622.G7</subfield>
            <subfield code="b">M33 1980</subfield>
          </datafield>
          <datafield tag="082" ind1="0" ind2="0">
            <subfield code="a">133.4/3</subfield>
            <subfield code="2">19</subfield>
          </datafield>
          <datafield tag="245" ind1="0" ind2="3">
            <subfield code="a">La Magie et ses langages :</subfield>
            <subfield code="b">[colloque, Lille 1980] /</subfield>
            <subfield code="c">Equipe de recherches sur la Renaissance anglaise ; textes réunis par Margaret Jones-Davies.</subfield>
          </datafield>
          <datafield tag="260" ind1=" " ind2=" ">
            <subfield code="a">Lille :</subfield>
            <subfield code="b">Université de Lille III,</subfield>
            <subfield code="c">1980.</subfield>
          </datafield>
          <datafield tag="300" ind1=" " ind2=" ">
            <subfield code="a">xii, 203 p, [15] leaves of plates :</subfield>
            <subfield code="b">ill. ;</subfield>
            <subfield code="c">23 cm.</subfield>
          </datafield>
          <datafield tag="490" ind1="1" ind2=" ">
            <subfield code="a">Travaux et recherches / Université de Lille III</subfield>
          </datafield>
          <datafield tag="504" ind1=" " ind2=" ">
            <subfield code="a">Bibliography: p. [199]-203.</subfield>
          </datafield>
          <datafield tag="650" ind1=" " ind2="0">
            <subfield code="a">Magic</subfield>
            <subfield code="z">Great Britain</subfield>
            <subfield code="x">History</subfield>
            <subfield code="y">16th century</subfield>
            <subfield code="x">Congresses.</subfield>
          </datafield>
          <datafield tag="650" ind1=" " ind2="0">
            <subfield code="a">Magic</subfield>
            <subfield code="x">Terminology</subfield>
            <subfield code="x">Congresses.</subfield>
          </datafield>
          <datafield tag="650" ind1=" " ind2="0">
            <subfield code="a">Magic</subfield>
            <subfield code="z">Great Britain</subfield>
            <subfield code="x">History</subfield>
            <subfield code="y">17th century</subfield>
            <subfield code="x">Congresses.</subfield>
          </datafield>
          <datafield tag="650" ind1=" " ind2="0">
            <subfield code="a">Renaissance</subfield>
            <subfield code="z">England</subfield>
            <subfield code="x">Congresses.</subfield>
          </datafield>
          <datafield tag="700" ind1="2" ind2=" ">
            <subfield code="a">Jones-Davies, Margaret.</subfield>
          </datafield>
          <datafield tag="710" ind1="2" ind2=" ">
            <subfield code="a">Université de Lille III.</subfield>
            <subfield code="b">Equipe de recherches sur la Renaissance anglaise.</subfield>
          </datafield>
          <datafield tag="830" ind1=" " ind2="0">
            <subfield code="a">Travaux et recherches (Université de Lille III)</subfield>
          </datafield>
          <datafield tag="991" ind1=" " ind2=" ">
            <subfield code="b">c-GenColl</subfield>
            <subfield code="h">BF1622.G7</subfield>
            <subfield code="i">M33 1980</subfield>
            <subfield code="t">Copy 1</subfield>
            <subfield code="w">BOOKS</subfield>
          </datafield>
        </record>
      </zs:recordData>
      <zs:recordPosition>6</zs:recordPosition>
    </zs:record>