
    <zs:record>
      <zs:recordSchema/>
      <zs:recordPacking>xml</zs:recordPacking>
      <zs:recordData>
        <record xmlns="http://www.loc.gov/MARC21/slim">
          <leader>03845cam a22004577a 4500</leader>
          <controlfield tag="001">16946672</controlfield>
          <controlfield tag="005">20170111165955.0</controlfield>
          <controlfield tag="008">110801s2010    be ab    b    001 0 fre c</controlfield>
          <datafield tag="906" ind1=" " ind2=" ">
            <subfield code="a">7</subfield>
            <subfield code="b">cbc</subfield>
            <subfield code="c">pccadap</subfield>
            <subfield code="d">3</subfield>
            <subfield code="e">ncip</subfield>
            <subfield code="f">20</subfield>
            <subfield code="g">y-gencatlg</subfield>
          </datafield>
          <datafield tag="923" ind1=" " ind2=" ">
            <subfield code="a">13546215</subfield>
            <subfield code="d">08-17-11</subfield>
            <subfield code="n">I-20045533</subfield>
            <subfield code="s">CaONFCNI</subfield>
          </datafield>
          <datafield tag="925" ind1="0" ind2=" ">
            <subfield code="a">acquire</subfield>
            <subfield code="b">1 shelf copy</subfield>
            <subfield code="x">policy default</subfield>
          </datafield>
          <datafield tag="955" ind1=" " ind2=" ">
            <subfield code="b">bd06 2011-11-08 z-processor</subfield>
            <subfield code="i">bd06 2011-11-08 to BCCD</subfield>
          </datafield>
          <datafield tag="010" ind1=" " ind2=" ">
            <subfield code="a">  2011503265</subfield>
          </datafield>
          <datafield tag="020" ind1=" " ind2=" ">
            <subfield code="a">9782503532479</subfield>
          </datafield>
          <datafield tag="020" ind1=" " ind2=" ">
            <subfield code="a">2503532470</subfield>
          </datafield>
          <datafield tag="035" ind1=" " ind2=" ">
            <subfield code="a">(OCoLC)ocn456904958</subfield>
          </datafield>
          <datafield tag="040" ind1=" " ind2=" ">
            <subfield code="a">ERASA</subfield>
            <subfield code="c">ERASA</subfield>
            <subfield code="d">OCLCQ</subfield>
            <subfield code="d">CDX</subfield>
            <subfield code="d">IXA</subfield>
            <subfield code="d">TZT</subfield>
            <subfield code="d">DLC</subfield>
          </datafield>
          <datafield tag="041" ind1="0" ind2=" ">
            <subfield code="a">fre</subfield>
            <subfield code="a">eng</subfield>
          </datafield>
          <datafield tag="042" ind1=" " ind2=" ">
            <subfield code="a">pcc</subfield>
          </datafield>
          <datafield tag="050" ind1="0" ind2="0">
            <subfield code="a">PN56.P534</subfield>
            <subfield code="b">P48 2010</subfield>
          </datafield>
          <datafield tag="245" ind1="0" ind2="3">
            <subfield code="a">Le plaisir au temps de la Renaissance /</subfield>
            <subfield code="c">sous la direction de Marie-Thérèse Jones-Davies ; textes réunis par Margaret Jones-Davies, Florence Malhomme, Marie-Madeleine Martinet.</subfield>
          </datafield>
          <datafield tag="246" ind1="1" ind2=" ">
            <subfield code="i">At head of title:</subfield>
            <subfield code="a">S.I.R.I.R., Société Internationale de Recherches Interdisciplinaires sur la Renaissance</subfield>
          </datafield>
          <datafield tag="260" ind1=" " ind2=" ">
            <subfield code="a">Turnhout :</subfield>
            <subfield code="b">Brepols,</subfield>
            <subfield code="c">c2010.</subfield>
          </datafield>
          <datafield tag="300" ind1=" " ind2=" ">
            <subfield code="a">192 p. :</subfield>
            <subfield code="b">ill., map ;</subfield>
            <subfield code="c">24 cm.</subfield>
          </datafield>
          <datafield tag="490" ind1="1" ind2=" ">
            <subfield code="a">S.I.R.I.R., Société internationale de recherches interdisciplinaires sur la Renaissance</subfield>
          </datafield>
          <datafield tag="546" ind1=" " ind2=" ">
            <subfield code="a">French and English.</subfield>
          </datafield>
          <datafield tag="504" ind1=" " ind2=" ">
            <subfield code="a">Includes bibliographical references and index.</subfield>
          </datafield>
          <datafield tag="505" ind1="0" ind2=" ">
            <subfield code="a">Avant-propos / Marie-Thérèse Jones-Davies -- Le plaisir et la beauté / Marie-Madeleine Martinet -- Le songe-érotique, vrai ou faux plaisir: du commentaire ficinien du Philèbe aux Sonnets pour Hélène / Sylviane Bokdam -- Shakesperean pleasures of the senses / Leanore Lieblein -- Delectable shapes: le plaisirs de la taverne dans l'Angleterre de la Renaissance / Guillaume Winter -- Peines d'amour perdues: plaisir perdu, plaisir retrouvé / Marie-Thérèse Jones-Davies -- To his coy master mistress: the pleasures of homoeroticism and (pro)creation in Shakespeare's Sonnets / Michele Stanco -- Shakespeare et la cartographie du plaisir / François Laroque -- Epicure, l'epicurisem et la philosophie du plaisir d'apres l'Epicureus d'Erasme / Jean-Claude Margolin -- Le plaisir est des principales espèces du profit: Montaigne et le plaisir / Jean Céard -- Le plaisir du déplaisir / Gisèle Venet -- At her Majesty's pleasure: Staging the Virgin Queen / Richard Wilson.</subfield>
          </datafield>
          <datafield tag="520" ind1="8" ind2=" ">
            <subfield code="a">"Le Plaisir est-il le Bien? La Renaissance reprend à son compte cette question débattue depuis le 'Philèbe' et le livre X de l''Ethique à Nicomaque'. Au XVe siècle, Lorenzo Valla, dans son dialogue 'Sur le Plaisir' (1430), tranche dans le sens d'une identification entre le plaisir et le Bien. Il est suivi un siècle plus tard par Érasme qui n'hésite pas, dans l''Epicurien' (1533), à assimiler le Christ à Épicure. Et Montaigne, dans sa critique du stoïcisme, stigmatise le danger des vertus immodérées qui excluent le plaisir. ... Réhabiliter le plaisir, c'est pouvoir assumer sa part d'ombre, le déplaisir, refuser l'abstraction de leur dissociation. Accepter le plaisir, c'est accepter la mort. C'est l'une des leçons paradoxales de "Peines d'Amour Perdues" que la pensée baroque ne cessera d'illustrer"--P. [4] of cover.</subfield>
          </datafield>
          <datafield tag="650" ind1=" " ind2="0">
            <subfield code="a">Pleasure in literature .</subfield>
          </datafield>
          <datafield tag="650" ind1=" " ind2="0">
            <subfield code="a">European literature</subfield>
            <subfield code="y">Renaissance, 1450-1600</subfield>
            <subfield code="x">History and criticism.</subfield>
          </datafield>
          <datafield tag="650" ind1=" " ind2="0">
            <subfield code="a">Ethics, Renaissance, in literature.</subfield>
          </datafield>
          <datafield tag="650" ind1=" " ind2="0">
            <subfield code="a">English literature</subfield>
            <subfield code="y">Early modern, 1500-1700</subfield>
            <subfield code="x">History and criticism.</subfield>
          </datafield>
          <datafield tag="700" ind1="1" ind2=" ">
            <subfield code="a">Jones-Davies, Marie Thérèse.</subfield>
          </datafield>
          <datafield tag="700" ind1="1" ind2=" ">
            <subfield code="a">Jones-Davies, Margaret.</subfield>
          </datafield>
          <datafield tag="700" ind1="1" ind2=" ">
            <subfield code="a">Malhomme, Florence.</subfield>
          </datafield>
          <datafield tag="700" ind1="1" ind2=" ">
            <subfield code="a">Martinet, Marie-Madeleine.</subfield>
          </datafield>
          <datafield tag="710" ind1="2" ind2=" ">
            <subfield code="a">Société internationale de recherches interdisciplinaires sur la Renaissance.</subfield>
          </datafield>
          <datafield tag="830" ind1=" " ind2="0">
            <subfield code="a">Société internationale de recherches interdisciplinaires sur la renaissance (Series)</subfield>
          </datafield>
          <datafield tag="955" ind1=" " ind2=" ">
            <subfield code="b">bd09 2011-10-13</subfield>
            <subfield code="a">bd26 2011-10-24</subfield>
          </datafield>
          <datafield tag="985" ind1=" " ind2=" ">
            <subfield code="e">VENDOR LOAD</subfield>
          </datafield>
        </record>
      </zs:recordData>
      <zs:recordPosition>8</zs:recordPosition>
    </zs:record>