
    <zs:record>
      <zs:recordSchema/>
      <zs:recordPacking>xml</zs:recordPacking>
      <zs:recordData>
        <record xmlns="http://www.loc.gov/MARC21/slim">
          <leader>05667cam a22004098i 4500</leader>
          <controlfield tag="001">22517759</controlfield>
          <controlfield tag="005">20231020152700.0</controlfield>
          <controlfield tag="008">220421s2023    enk      b    001 0 eng  </controlfield>
          <datafield tag="906" ind1=" " ind2=" ">
            <subfield code="a">7</subfield>
            <subfield code="b">cbc</subfield>
            <subfield code="c">orignew</subfield>
            <subfield code="d">1</subfield>
            <subfield code="e">ecip</subfield>
            <subfield code="f">20</subfield>
            <subfield code="g">y-gencatlg</subfield>
          </datafield>
          <datafield tag="925" ind1="0" ind2=" ">
            <subfield code="a">acquire</subfield>
            <subfield code="b">1 shelf copy</subfield>
            <subfield code="x">ATS 2023-10-20</subfield>
          </datafield>
          <datafield tag="955" ind1=" " ind2=" ">
            <subfield code="b">xg31 2022-04-21</subfield>
            <subfield code="c">xg31 2022-04-21 to subject</subfield>
            <subfield code="d">xg09 2022-04-22 (TW Home Situational) to Lindsay for Dewey</subfield>
            <subfield code="w">xg01 2022-09-24 (telework)</subfield>
          </datafield>
          <datafield tag="010" ind1=" " ind2=" ">
            <subfield code="a">  2022019291</subfield>
          </datafield>
          <datafield tag="020" ind1=" " ind2=" ">
            <subfield code="a">9780367688813</subfield>
            <subfield code="q">(hardback)</subfield>
          </datafield>
          <datafield tag="020" ind1=" " ind2=" ">
            <subfield code="a">9780367689186</subfield>
            <subfield code="q">(paperback)</subfield>
          </datafield>
          <datafield tag="020" ind1=" " ind2=" ">
            <subfield code="z">9781003139614</subfield>
            <subfield code="q">(ebook)</subfield>
          </datafield>
          <datafield tag="040" ind1=" " ind2=" ">
            <subfield code="a">DLC</subfield>
            <subfield code="b">eng</subfield>
            <subfield code="e">rda</subfield>
            <subfield code="c">DLC</subfield>
          </datafield>
          <datafield tag="042" ind1=" " ind2=" ">
            <subfield code="a">pcc</subfield>
          </datafield>
          <datafield tag="050" ind1="0" ind2="0">
            <subfield code="a">K720</subfield>
            <subfield code="b">.R687 2023</subfield>
          </datafield>
          <datafield tag="082" ind1="0" ind2="0">
            <subfield code="a">346.04</subfield>
            <subfield code="2">23/eng/20220924</subfield>
          </datafield>
          <datafield tag="245" ind1="0" ind2="4">
            <subfield code="a">The Routledge handbook of property, law, and society /</subfield>
            <subfield code="c">edited by Nicole Graham, Margaret Davies, and Lee Godden.</subfield>
          </datafield>
          <datafield tag="263" ind1=" " ind2=" ">
            <subfield code="a">2302</subfield>
          </datafield>
          <datafield tag="264" ind1=" " ind2="1">
            <subfield code="a">Abingdon, Oxon [UK] ;</subfield>
            <subfield code="a">New York, NY :</subfield>
            <subfield code="b">Routledge,</subfield>
            <subfield code="c">2023.</subfield>
          </datafield>
          <datafield tag="300" ind1=" " ind2=" ">
            <subfield code="a">pages cm</subfield>
          </datafield>
          <datafield tag="336" ind1=" " ind2=" ">
            <subfield code="a">text</subfield>
            <subfield code="b">txt</subfield>
            <subfield code="2">rdacontent</subfield>
          </datafield>
          <datafield tag="337" ind1=" " ind2=" ">
            <subfield code="a">unmediated</subfield>
            <subfield code="b">n</subfield>
            <subfield code="2">rdamedia</subfield>
          </datafield>
          <datafield tag="338" ind1=" " ind2=" ">
            <subfield code="a">volume</subfield>
            <subfield code="b">nc</subfield>
            <subfield code="2">rdacarrier</subfield>
          </datafield>
          <datafield tag="504" ind1=" " ind2=" ">
            <subfield code="a">Includes bibliographical references and index.</subfield>
          </datafield>
          <datafield tag="505" ind1="0" ind2=" ">
            <subfield code="a">Introduction / Nicole Graham, Margaret Davies, and Lee Godden -- Caring as country : singing up sovereignties / Bawaka Country, including Kate Lloyd, Sandie Suchet-Pearson, Sarah Wright, Lara  Daley, Laklak Burarrwanga, Ritjilili Ganambarr, Merrkiyawuy Ganambarr-Stubbs,  Banbapuy Ganambarr and Djawundil Maymuru -- Plural property / Kirsten Anker Regimes of dispossession  Michael Levien -- The structure and spirit of Chinese property law  / Shitong Qiao -- Mine community displacement and resettlement in South Africa / Hanri Mostert and Gaopalelwe Mathiba -- Disaster, relocation, and property/  Caroline Compton -- Property, climate change, and community relocation in the Pacific / Rebecca Monson -- Form and function in property theory : new contexts of climate conflict / Daniel Fitzpatrick -- Condominium : a transformative innovation in property and local government / Douglas C. Harris -- Property and the right to housing : synergies and tensions Jessie Hohmann -- Homelessness as a legal phenomenon / Christopher Essert -- Boundaries, fortresses, and home ownership / Sarah Blandy and Rowland Atkinson -- The position of squatters in property law / Robin Hickey -- Property, housing, and aged care / Eileen Webb and Teresa Somes -- A critical race feminist reading of the South African property law  / Laetitia Makombe -- Property and the regulation of houses in communities on Indigenous land /  Leon Terrill  -- Habitat and home / Margaret Davies -- Notes from the periphery : finding more than (non)ownership in property law? / Estair Van Wagner -- Decolonising property law : realising the sense of Indigenous laws in Aotearoa New  Zealand / Jacinta Ruru -- The public trust doctrine, property and society / Erin Ryan -- Global land grabs, food and power / Philip McMichael -- Property and environmental markets / Bonnie Holligan --Property in water? / Cristy Clark and Erin O'Donnell -- Property, climate change, and accountability / Lynda L. Butler -- Animals and property : a person possessed Johanna Gibson -- Stewardship : retrofitting private property with the public interest in ecology / Laura Schuijers and Judy Bush -- A relational approach to property / Jennifer Nedelsky -- Territory and property / Nicholas Blomley -- Property and commons : the tangible and the intangible / Christopher Gerrard and Henry Jones -- Public property / John Page -- Property, acquisition and compensation : environmental regulation and cultural loss / Lee Godden -- Property and planning / Amelia Thorpe -- Property and race / Priya S. Gupta -- Gender-sensitive subjective data on land and property rights / Joseph Feyertag -- Property rights and power across rural landscapes / Nicole Graham and Jessica A. Shoemaker -- Property and social identities / Debbie Becher -- Ownership without control? Mortgage finance and changing formations of property / Sarah Keenan.</subfield>
          </datafield>
          <datafield tag="520" ind1=" " ind2=" ">
            <subfield code="a">"This handbook brings together diverse perspectives, major topics and multiple approaches to one of the biggest legal institutions in society: property. Property touches on many fundamental human questions. It involves decisions about power, economy, morality, work and ecology. And involves ideas about where humans fit in the world and how humans relate to more-than-human life. This book will ask in myriad ways such questions as: what property means, what kinds of property there are, what is and should be the relationship between owned and owner, and what is the impact of different forms of property on life in this world? Drawing on a range of socio-legal and empirical methodologies, renowned scholars, and rising stars in property from around the world present current issues and map future directions in research. Coming from the place of law but reaching out through cognate disciplines, this handbook provides a comprehensive and accessible survey of current research at the interface of property, society and the environment. This handbook will appeal to students and researchers across a range of disciplines including law, sociology, geography, history, and economics"--</subfield>
            <subfield code="c">Provided by publisher.</subfield>
          </datafield>
          <datafield tag="650" ind1=" " ind2="0">
            <subfield code="a">Property.</subfield>
          </datafield>
          <datafield tag="650" ind1=" " ind2="0">
            <subfield code="a">Property</subfield>
            <subfield code="x">Social aspects.</subfield>
          </datafield>
          <datafield tag="650" ind1=" " ind2="0">
            <subfield code="a">Property</subfield>
            <subfield code="x">Economic aspects.</subfield>
          </datafield>
          <datafield tag="650" ind1=" " ind2="0">
            <subfield code="a">Right of property.</subfield>
          </datafield>
          <datafield tag="700" ind1="1" ind2=" ">
            <subfield code="a">Graham, Nicole,</subfield>
            <subfield code="c">Dr.,</subfield>
            <subfield code="e">editor.</subfield>
          </datafield>
          <datafield tag="700" ind1="1" ind2=" ">
            <subfield code="a">Davies, Margaret,</subfield>
            <subfield code="d">1964-</subfield>
            <subfield code="e">editor.</subfield>
          </datafield>
          <datafield tag="700" ind1="1" ind2=" ">
            <subfield code="a">Godden, Lee,</subfield>
            <subfield code="e">editor.</subfield>
          </datafield>
          <datafield tag="776" ind1="0" ind2="8">
            <subfield code="i">Online version:</subfield>
            <subfield code="t">Routledge handbook of property, law and society</subfield>
            <subfield code="d">Abingdon, Oxon [UK] ; New York, NY : Routledge, 2023</subfield>
            <subfield code="z">9781003139614</subfield>
            <subfield code="w">(DLC) 2022019292</subfield>
          </datafield>
        </record>
      </zs:recordData>
      <zs:recordPosition>10</zs:recordPosition>
    </zs:record>