
    <zs:record>
      <zs:recordSchema/>
      <zs:recordPacking>xml</zs:recordPacking>
      <zs:recordData>
        <record xmlns="http://www.loc.gov/MARC21/slim">
          <leader>01052nam a2200253 a 4500</leader>
          <controlfield tag="001">3736733</controlfield>
          <controlfield tag="005">19810522000000.0</controlfield>
          <controlfield tag="008">810520s1981    nyua     bs   000 0 eng  </controlfield>
          <datafield tag="035" ind1=" " ind2=" ">
            <subfield code="9">(DLC)   81113490</subfield>
          </datafield>
          <datafield tag="906" ind1=" " ind2=" ">
            <subfield code="a">7</subfield>
            <subfield code="b">cbc</subfield>
            <subfield code="c">orignew</subfield>
            <subfield code="d">2</subfield>
            <subfield code="e">ncip</subfield>
            <subfield code="f">19</subfield>
            <subfield code="g">y-gencatlg</subfield>
          </datafield>
          <datafield tag="010" ind1=" " ind2=" ">
            <subfield code="a">   81113490 </subfield>
          </datafield>
          <datafield tag="040" ind1=" " ind2=" ">
            <subfield code="a">DLC</subfield>
            <subfield code="c">DLC</subfield>
            <subfield code="d">DLC</subfield>
          </datafield>
          <datafield tag="043" ind1=" " ind2=" ">
            <subfield code="a">ncho---</subfield>
          </datafield>
          <datafield tag="050" ind1="0" ind2="0">
            <subfield code="a">HQ763.6.H8</subfield>
            <subfield code="b">D38</subfield>
          </datafield>
          <datafield tag="082" ind1="0" ind2="0">
            <subfield code="a">363.9/6/0715</subfield>
            <subfield code="2">19</subfield>
          </datafield>
          <datafield tag="100" ind1="1" ind2=" ">
            <subfield code="a">Davies, Margaret H.</subfield>
          </datafield>
          <datafield tag="245" ind1="1" ind2="0">
            <subfield code="a">Adult education community projects and planned parenthood :</subfield>
            <subfield code="b">a study of an inter-agency project in Honduras, Central America /</subfield>
            <subfield code="c">by Margaret H. Davies.</subfield>
          </datafield>
          <datafield tag="260" ind1=" " ind2=" ">
            <subfield code="a">New York, NY (105 Madison Ave., New York 10016) :</subfield>
            <subfield code="b">International Planned Parenthood Federation, Western Hemisphere Region,</subfield>
            <subfield code="c">1981.</subfield>
          </datafield>
          <datafield tag="300" ind1=" " ind2=" ">
            <subfield code="a">x, 110 p. :</subfield>
            <subfield code="b">ill. ;</subfield>
            <subfield code="c">23 cm.</subfield>
          </datafield>
          <datafield tag="504" ind1=" " ind2=" ">
            <subfield code="a">Bibliography: p 93.</subfield>
          </datafield>
          <datafield tag="650" ind1=" " ind2="0">
            <subfield code="a">Birth control</subfield>
            <subfield code="x">Study and teaching</subfield>
            <subfield code="z">Honduras.</subfield>
          </datafield>
          <datafield tag="650" ind1=" " ind2="0">
            <subfield code="a">Fundamental education</subfield>
            <subfield code="z">Honduras.</subfield>
          </datafield>
          <datafield tag="710" ind1="2" ind2=" ">
            <subfield code="a">International Planned Parenthood Federation.</subfield>
            <subfield code="b">Western Hemisphere Region.</subfield>
          </datafield>
          <datafield tag="991" ind1=" " ind2=" ">
            <subfield code="b">c-GenColl</subfield>
            <subfield code="h">HQ763.6.H8</subfield>
            <subfield code="i">D38</subfield>
            <subfield code="t">Copy 1</subfield>
            <subfield code="w">BOOKS</subfield>
          </datafield>
        </record>
      </zs:recordData>
      <zs:recordPosition>22</zs:recordPosition>
    </zs:record>