
    <zs:record>
      <zs:recordSchema/>
      <zs:recordPacking>xml</zs:recordPacking>
      <zs:recordData>
        <record xmlns="http://www.loc.gov/MARC21/slim">
          <leader>01354cam a22002651  4500</leader>
          <controlfield tag="001">7346021</controlfield>
          <controlfield tag="005">20050818074400.0</controlfield>
          <controlfield tag="008">841004s1931    xx            000 0 eng  </controlfield>
          <datafield tag="035" ind1=" " ind2=" ">
            <subfield code="9">(DLC)   31022549</subfield>
          </datafield>
          <datafield tag="906" ind1=" " ind2=" ">
            <subfield code="a">7</subfield>
            <subfield code="b">cbc</subfield>
            <subfield code="c">oclcrpl</subfield>
            <subfield code="d">u</subfield>
            <subfield code="e">ncip</subfield>
            <subfield code="f">19</subfield>
            <subfield code="g">y-gencatlg</subfield>
          </datafield>
          <datafield tag="010" ind1=" " ind2=" ">
            <subfield code="a">   31022549 </subfield>
          </datafield>
          <datafield tag="035" ind1=" " ind2=" ">
            <subfield code="a">(OCoLC)14032451</subfield>
          </datafield>
          <datafield tag="040" ind1=" " ind2=" ">
            <subfield code="a">DLC</subfield>
            <subfield code="c">PSt</subfield>
            <subfield code="d">OCoLC</subfield>
            <subfield code="d">TxU</subfield>
            <subfield code="d">OCoLC</subfield>
            <subfield code="d">DLC</subfield>
          </datafield>
          <datafield tag="042" ind1=" " ind2=" ">
            <subfield code="a">premarc</subfield>
          </datafield>
          <datafield tag="050" ind1="0" ind2="0">
            <subfield code="a">HD3423</subfield>
            <subfield code="b">.D17</subfield>
          </datafield>
          <datafield tag="100" ind1="1" ind2=" ">
            <subfield code="a">Davies, Margaret Llewelyn,</subfield>
            <subfield code="d">1861-1944,</subfield>
            <subfield code="e">ed.</subfield>
          </datafield>
          <datafield tag="245" ind1="1" ind2="0">
            <subfield code="a">Life as we have known it, by co-operative working women</subfield>
            <subfield code="c">edited by Margaret Llewelyn Davies ; with an introductory letter by Virginia Woolf</subfield>
          </datafield>
          <datafield tag="260" ind1=" " ind2=" ">
            <subfield code="a">London</subfield>
            <subfield code="b">L. and Virginia Woolf</subfield>
            <subfield code="c">1931</subfield>
          </datafield>
          <datafield tag="300" ind1=" " ind2=" ">
            <subfield code="a">xxxix, 141 p.</subfield>
            <subfield code="b">front., pl., ports.</subfield>
            <subfield code="c">19 cm.</subfield>
          </datafield>
          <datafield tag="505" ind1="0" ind2=" ">
            <subfield code="a">Note on the Women's co-operative guild, by the editor.--Introductory letter, by Virginia Woolf.--Memories of seventy years, by Mrs. Layton.--A plate-layer's wife, by Mrs. Wrigley.--In a mining village, by Mrs. F.H. Smith.--A guild office clerk, contributed by the editor.--A felt hat worker, by Mrs. Scott.--A public-spirited rebel, by Mrs. Yearn.--Extracts from guilds-women's letters</subfield>
          </datafield>
          <datafield tag="610" ind1="2" ind2="0">
            <subfield code="a">Women's Co-operative Guild.</subfield>
          </datafield>
          <datafield tag="650" ind1=" " ind2="0">
            <subfield code="a">Cooperation</subfield>
            <subfield code="z">Great Britain</subfield>
          </datafield>
          <datafield tag="700" ind1="1" ind2=" ">
            <subfield code="a">Woolf, Virginia,</subfield>
            <subfield code="d">1882-1941.</subfield>
          </datafield>
          <datafield tag="985" ind1=" " ind2=" ">
            <subfield code="e">OCLC REPLACEMENT cdsdistr</subfield>
          </datafield>
          <datafield tag="991" ind1=" " ind2=" ">
            <subfield code="b">c-GenColl</subfield>
            <subfield code="h">HD3423</subfield>
            <subfield code="i">.D17</subfield>
            <subfield code="p">00058115903</subfield>
            <subfield code="t">Copy 1</subfield>
            <subfield code="w">OCLCREP</subfield>
          </datafield>
        </record>
      </zs:recordData>
      <zs:recordPosition>32</zs:recordPosition>
    </zs:record>