
    <zs:record>
      <zs:recordSchema/>
      <zs:recordPacking>xml</zs:recordPacking>
      <zs:recordData>
        <record xmlns="http://www.loc.gov/MARC21/slim">
          <leader>01163cam a2200325   4500</leader>
          <controlfield tag="001">3664112</controlfield>
          <controlfield tag="005">19870401000000.0</controlfield>
          <controlfield tag="008">711014s1970    enkabce  b    001 0 eng  </controlfield>
          <datafield tag="035" ind1=" " ind2=" ">
            <subfield code="9">(DLC)   76851350</subfield>
          </datafield>
          <datafield tag="906" ind1=" " ind2=" ">
            <subfield code="a">7</subfield>
            <subfield code="b">cbc</subfield>
            <subfield code="c">orignew</subfield>
            <subfield code="d">3</subfield>
            <subfield code="e">ncip</subfield>
            <subfield code="f">19</subfield>
            <subfield code="g">y-gencatlg</subfield>
          </datafield>
          <datafield tag="010" ind1=" " ind2=" ">
            <subfield code="a">   76851350 </subfield>
          </datafield>
          <datafield tag="015" ind1=" " ind2=" ">
            <subfield code="a">B71-13765</subfield>
          </datafield>
          <datafield tag="020" ind1=" " ind2=" ">
            <subfield code="a">0002131536</subfield>
          </datafield>
          <datafield tag="040" ind1=" " ind2=" ">
            <subfield code="a">DLC</subfield>
            <subfield code="c">DLC</subfield>
            <subfield code="d">DLC</subfield>
          </datafield>
          <datafield tag="043" ind1=" " ind2=" ">
            <subfield code="a">e-uk---</subfield>
          </datafield>
          <datafield tag="050" ind1="0" ind2="0">
            <subfield code="a">GF551</subfield>
            <subfield code="b">.F48 1970</subfield>
          </datafield>
          <datafield tag="082" ind1="0" ind2="0">
            <subfield code="a">914.2/03</subfield>
          </datafield>
          <datafield tag="100" ind1="1" ind2=" ">
            <subfield code="a">Fleure, H. J.</subfield>
            <subfield code="q">(Herbert John),</subfield>
            <subfield code="d">1877-1969.</subfield>
          </datafield>
          <datafield tag="245" ind1="1" ind2="2">
            <subfield code="a">A natural history of man in Britain:</subfield>
            <subfield code="b">conceived as a study of changing relations between men and environments</subfield>
            <subfield code="c">[by] H. J. Fleure and M. Davies.</subfield>
          </datafield>
          <datafield tag="250" ind1=" " ind2=" ">
            <subfield code="a">Revised ed.</subfield>
          </datafield>
          <datafield tag="260" ind1=" " ind2=" ">
            <subfield code="a">London,</subfield>
            <subfield code="b">Collins,</subfield>
            <subfield code="c">1970.</subfield>
          </datafield>
          <datafield tag="300" ind1=" " ind2=" ">
            <subfield code="a">320 p., 64 plates;</subfield>
            <subfield code="b">illus. (some col.), maps, plans, ports.</subfield>
            <subfield code="c">23 cm.</subfield>
          </datafield>
          <datafield tag="350" ind1=" " ind2=" ">
            <subfield code="a">£3.00</subfield>
          </datafield>
          <datafield tag="490" ind1="1" ind2=" ">
            <subfield code="a">The New naturalist [18]</subfield>
          </datafield>
          <datafield tag="504" ind1=" " ind2=" ">
            <subfield code="a">Bibliography: p. [302]-312.</subfield>
          </datafield>
          <datafield tag="650" ind1=" " ind2="0">
            <subfield code="a">Human ecology</subfield>
            <subfield code="z">Great Britain.</subfield>
          </datafield>
          <datafield tag="651" ind1=" " ind2="0">
            <subfield code="a">Great Britain</subfield>
            <subfield code="x">History.</subfield>
          </datafield>
          <datafield tag="700" ind1="1" ind2=" ">
            <subfield code="a">Davies, Margaret,</subfield>
            <subfield code="e">joint author.</subfield>
          </datafield>
          <datafield tag="830" ind1=" " ind2="4">
            <subfield code="a">The New naturalist; a survey of British natural history,</subfield>
            <subfield code="v">18.</subfield>
          </datafield>
          <datafield tag="991" ind1=" " ind2=" ">
            <subfield code="b">c-GenColl</subfield>
            <subfield code="h">GF551</subfield>
            <subfield code="i">.F48 1970</subfield>
            <subfield code="t">Copy 1</subfield>
            <subfield code="w">BOOKS</subfield>
          </datafield>
        </record>
      </zs:recordData>
      <zs:recordPosition>37</zs:recordPosition>
    </zs:record>