
    <zs:record>
      <zs:recordSchema/>
      <zs:recordPacking>xml</zs:recordPacking>
      <zs:recordData>
        <record xmlns="http://www.loc.gov/MARC21/slim">
          <leader>01403nam a2200325 a 4500</leader>
          <controlfield tag="001">1639916</controlfield>
          <controlfield tag="005">19961101092031.4</controlfield>
          <controlfield tag="008">960213s1995    enk      b    101 0 eng  </controlfield>
          <datafield tag="035" ind1=" " ind2=" ">
            <subfield code="9">(DLC)   96114834</subfield>
          </datafield>
          <datafield tag="906" ind1=" " ind2=" ">
            <subfield code="a">7</subfield>
            <subfield code="b">cbc</subfield>
            <subfield code="c">orignew</subfield>
            <subfield code="d">2</subfield>
            <subfield code="e">ncip</subfield>
            <subfield code="f">19</subfield>
            <subfield code="g">y-gencatlg</subfield>
          </datafield>
          <datafield tag="955" ind1=" " ind2=" ">
            <subfield code="a">rs09 02-13-96; ub10 to cat 6/21/96; 6/24/96 to cat; sh50 09-24-96; sh21 10-02-96; sh38 10-16-96</subfield>
          </datafield>
          <datafield tag="010" ind1=" " ind2=" ">
            <subfield code="a">   96114834 </subfield>
          </datafield>
          <datafield tag="020" ind1=" " ind2=" ">
            <subfield code="a">1850755736 (alk. paper)</subfield>
          </datafield>
          <datafield tag="040" ind1=" " ind2=" ">
            <subfield code="a">DLC</subfield>
            <subfield code="c">DLC</subfield>
          </datafield>
          <datafield tag="050" ind1="0" ind2="0">
            <subfield code="a">BS680.E84</subfield>
            <subfield code="b">S48 1995</subfield>
          </datafield>
          <datafield tag="082" ind1="0" ind2="0">
            <subfield code="a">241</subfield>
            <subfield code="2">21</subfield>
          </datafield>
          <datafield tag="111" ind1="2" ind2=" ">
            <subfield code="a">Sheffield Colloquium</subfield>
            <subfield code="n">(2nd :</subfield>
            <subfield code="d">1995 :</subfield>
            <subfield code="c">University of Sheffield)</subfield>
          </datafield>
          <datafield tag="245" ind1="1" ind2="4">
            <subfield code="a">The Bible in ethics :</subfield>
            <subfield code="b">the Second Sheffield Colloquium /</subfield>
            <subfield code="c">edited by John W. Rogerson, Margaret Davies &amp; M. Daniel Carroll R.</subfield>
          </datafield>
          <datafield tag="260" ind1=" " ind2=" ">
            <subfield code="a">Sheffield, England :</subfield>
            <subfield code="b">Sheffield Academic Press,</subfield>
            <subfield code="c">c1995.</subfield>
          </datafield>
          <datafield tag="300" ind1=" " ind2=" ">
            <subfield code="a">379 p. ;</subfield>
            <subfield code="c">24  cm.</subfield>
          </datafield>
          <datafield tag="440" ind1=" " ind2="0">
            <subfield code="a">Journal for the Study of the Old Testament.</subfield>
            <subfield code="p">Supplement series ;</subfield>
            <subfield code="v">207</subfield>
          </datafield>
          <datafield tag="500" ind1=" " ind2=" ">
            <subfield code="a">Papers presented at the international colloquium held in the Dept. of Biblical Studies, University of Sheffield, Apr. 1995.</subfield>
          </datafield>
          <datafield tag="504" ind1=" " ind2=" ">
            <subfield code="a">Includes bibliographical references and indexes.</subfield>
          </datafield>
          <datafield tag="650" ind1=" " ind2="0">
            <subfield code="a">Ethics in the Bible</subfield>
            <subfield code="x">Congresses.</subfield>
          </datafield>
          <datafield tag="650" ind1=" " ind2="0">
            <subfield code="a">Ethics</subfield>
            <subfield code="x">Congresses.</subfield>
          </datafield>
          <datafield tag="700" ind1="1" ind2=" ">
            <subfield code="a">Rogerson, J. W.</subfield>
            <subfield code="q">(John William),</subfield>
            <subfield code="d">1935-</subfield>
          </datafield>
          <datafield tag="700" ind1="1" ind2=" ">
            <subfield code="a">Davies, Margaret,</subfield>
            <subfield code="d">1941-</subfield>
          </datafield>
          <datafield tag="700" ind1="2" ind2=" ">
            <subfield code="a">Carroll R., M. Daniel.</subfield>
          </datafield>
          <datafield tag="922" ind1=" " ind2=" ">
            <subfield code="a">ap</subfield>
          </datafield>
          <datafield tag="991" ind1=" " ind2=" ">
            <subfield code="b">c-GenColl</subfield>
            <subfield code="h">BS680.E84</subfield>
            <subfield code="i">S48 1995</subfield>
            <subfield code="t">Copy 1</subfield>
            <subfield code="w">BOOKS</subfield>
          </datafield>
        </record>
      </zs:recordData>
      <zs:recordPosition>41</zs:recordPosition>
    </zs:record>